@ARTICLE{Cortes1995,
	author = {C. Cortes and V. Vapnik},
	title = {{Support}-{Vector} {Networks}},
	journal = {Machine Learning},
	year = {1995},
	volume = {20},
	pages = {273--297},
	number = {3},
	owner = {Michal},
	timestamp = {2011.10.17}
}
@ARTICLE{Khan2012,
	author = {Rehanullah Khan and Allan Hanbury and Julian St{\"o}ttinger and AbdulBais},
	title = {Color based skin classification},
	journal = {Pattern Recogn. Lett.},
	year = {2012},
	volume = {33},
	pages = {157--163},
	number = {2},
	bibsource = {DBLP, http://dblp.uni-trier.de},
	ee = {http://dx.doi.org/10.1016/j.patrec.2011.09.032}
}
@INCOLLECTION{Joachims1999,
	author = {Joachims, Thorsten},
	title = {Making Large-Scale {SVM} Learning Practical},
	booktitle = {Advances in kernel methods},
	publisher = {MIT Press},
	year = {1999},
	editor = {Sch\"{o}lkopf, Bernhard and Burges, Christopher J. C. and Smola,Alexander J.},
	chapter = {Making large-scale support vector machine learning practical},
	pages = {169--184},
	address = {USA},
	acmid = {299104},
	isbn = {0-262-19416-3},
	numpages = {16}
}
@INPROCEEDINGS{Balcazar2001,
	author = {Balc\'{a}zar, Jos{\'e} L. and Dai, Yang and Watanabe, Osamu},
	title = {A Random Sampling Technique for Training Support Vector Machines},
	booktitle = {Proc. 12th Int. Conf. on Algorithmic Learning Theory},
	year = {2001},
	pages = {119--134},
	address = {UK},
	publisher = {Springer-Verlag},
	acmid = {736065},
	isbn = {3-540-42875-5},
	numpages = {16}
}
@ARTICLE{YJLee2007,
	author = {Yuh-Jye Lee and Su-Yun Huang},
	title = {Reduced Support Vector Machines: A Statistical Theory},
	journal = {IEEE Trans. on Neural Networks},
	year = {2007},
	volume = {18},
	pages = {1--13},
	number = {1},
	bibsource = {DBLP, http://dblp.uni-trier.de},
	ee = {http://doi.ieeecomputersociety.org/10.1109/TNN.2006.883722}
}
@INPROCEEDINGS{Almeida2000,
	author = {Barros de Almeida, Marcelo and Braga, Ant\^{o}nio de P\'{a}dua andBraga, Jo\~{a}o Pedro},
	title = {SVM-KM: Speeding SVMs Learning with a priori Cluster Selection andk-Means},
	booktitle = {Proc. VI Brazilian Symposium on Neural Networks (SBRN'00)},
	year = {2000},
	series = {SBRN '00},
	pages = {162--167},
	address = {Washington, DC, USA},
	publisher = {IEEE Computer Society},
	acmid = {827523},
	isbn = {0-7695-0856-1}
}
@INPROCEEDINGS{Zheng2003,
	author = {Songfeng, Zheng and Xiaofeng, Lu and Nanning, Zheng and Weipu, Xu},
	title = {Unsupervised clustering based reduced support vector machines},
	booktitle = {Acoustics Speech and Signal Processing 2003 Proceedings ICASSP 032003 IEEE International Conference on},
	year = {2003},
	volume = {2},
	pages = {821--824},
	url = {http://scholar.google.com/scholar?hl=en&btnG=Search&q=intitle:Unsupervised+clustering+based+reduced+support+vector+machines#0}
}
@ARTICLE{Chien2010,
	author = {Li-Jen Chien and Chien-Chung Chang and Yuh-Jye Lee},
	title = {Variant Methods of Reduced Set Selection for Reduced Support VectorMachines},
	journal = {J. Inf. Sci. Eng.},
	year = {2010},
	volume = {26},
	pages = {183--196},
	number = {1},
	bibsource = {DBLP, http://dblp.uni-trier.de},
	ee = {http://www.iis.sinica.edu.tw/page/jise/2010/201001_13.html}
}
@ARTICLE{Koggalage2004,
	author = {Ravindra Koggalage and Saman Halgamuge},
	title = {Reducing the Number of Training Samples for Fast Support Vector MachineClassification},
	journal = {Neural Information Process. ï¿½ Lett. and Reviews},
	year = {2004},
	volume = {2},
	pages = {57--65},
	number = {3},
	owner = {Michal},
	timestamp = {2012.05.21}
}
@ARTICLE{YuhuaLi2011,
	author = {Yuhua Li},
	title = {Selecting training points for one-class support vector machines},
	journal = {Pattern Recogn. Lett.},
	year = {2011},
	volume = {32},
	pages = {1517--1522},
	number = {11},
	bibsource = {DBLP, http://dblp.uni-trier.de},
	ee = {http://dx.doi.org/10.1016/j.patrec.2011.04.013}
}
@ARTICLE{Shin2007,
	author = {Shin, Hyunjung and Cho, Sungzoon},
	title = {Neighborhood Property--Based Pattern Selection for Support VectorMachines},
	journal = {Neural Comput.},
	year = {2007},
	volume = {19},
	pages = {816--855},
	number = {3},
	month = {month = mar,},
	acmid = {1246959},
	address = {Cambridge, MA, USA},
	doi = {10.1162/neco.2007.19.3.816},
	issn = {0899-7667},
	issue_date = {March 2007},
	numpages = {40},
	publisher = {MIT Press}
}
@INPROCEEDINGS{Abe2001,
	author = {Abe, Shigeo and Inoue, Takuya},
	title = {Fast Training of Support Vector Machines by Extracting Boundary Data},
	booktitle = {Int. Conf. on Artificial Neural Networks},
	year = {2001},
	pages = {308--313},
	address = {UK},
	publisher = {Springer-Verlag},
	acmid = {684287},
	isbn = {3-540-42486-5},
	numpages = {6}
}
@ARTICLE{DWang2008,
	author = {Defeng Wang and Lin Shi},
	title = {Selecting valuable training samples for {SVM}s via data structureanalysis},
	journal = {Neurocomputing},
	year = {2008},
	volume = {71},
	pages = {2772--2781},
	doi = {10.1016/j.neucom.2007.09.008}
}
@ARTICLE{Chang2012,
	author = {Chien-Chung Chang and Hsing-Kuo Pao and Yuh-Jye Lee},
	title = {An {RSVM} based two-teachers-one-student semi-supervised learningalgorithm},
	journal = {Neural Networks},
	year = {2012},
	volume = {25},
	pages = {57--69},
	bibsource = {DBLP, http://dblp.uni-trier.de},
	ee = {http://dx.doi.org/10.1016/j.neunet.2011.06.019}
}
@INPROCEEDINGS{JWang2005,
	author = {Wang, Jigang and Neskovic, Predrag and Cooper, Leon N.},
	title = {Training data selection for support vector machines},
	booktitle = {Advances in Natural Computation, LNCS 3610},
	year = {2005},
	pages = {554--564},
	address = {Berlin, Heidelberg},
	publisher = {Springer-Verlag},
	acmid = {2137407},
	doi = {10.1007/11539087_71},
	isbn = {3-540-28323-4, 978-3-540-28323-2},
	location = {Changsha, China},
	numpages = {11}
}
@INPROCEEDINGS{Zhang2002,
	author = {Wan Zhang and Irwin King},
	title = {Locating support vectors via $\beta$-skeleton technique},
	booktitle = {Int. Conf. on Neural Information Process.},
	year = {2002},
	pages = {1423--1427},
	owner = {Michal},
	timestamp = {2012.05.21}
}
@ARTICLE{Tsang2005,
	author = {Ivor W. Tsang and James T. Kwok and Pak-Ming Cheung},
	title = {Core Vector Machines: Fast {SVM} Training on Very Large Data Sets},
	journal = {J. of Machine Learning Research},
	year = {2005},
	volume = {6},
	pages = {363--392},
	bibsource = {DBLP, http://dblp.uni-trier.de},
	ee = {http://www.jmlr.org/papers/v6/tsang05a.html}
}
@INPROCEEDINGS{Zeng2008,
	author = {Zhi-Qiang Zeng and Hua-Rong Xu and Yan-Qi Xie and Ji Gao},
	title = {A geometric approach to train {SVM} on very large data sets},
	booktitle = {Intell. System and Knowledge Eng.},
	year = {2008},
	volume = {1},
	pages = {991--996},
	doi = {10.1109/ISKE.2008.4731074},
	keywords = {SVM;computational overhead;convex hull samples;geometric approach;intuitivecomplexity;geometry;support vector machines;}
}
@INPROCEEDINGS{Schohn2000,
	author = {Schohn, Greg and Cohn, David},
	title = {Less is More: Active Learning with Support Vector Machines},
	booktitle = {17th Int. Conf. on Machine Learning},
	year = {2000},
	pages = {839--846},
	address = {USA},
	publisher = {Morgan Kaufmann Publishers Inc.},
	acmid = {657802},
	isbn = {1-55860-707-2},
	numpages = {8}
}
@ARTICLE{Musicant2004,
	author = {David R. Musicant and Alexander Feinberg},
	title = {Active Set Support Vector Regression},
	journal = {IEEE Trans. on Neural Networks},
	year = {2004},
	volume = {15},
	pages = {268--275},
	number = {2}
}
@BOOK{Holland1975,
	title = {Adaptation in Natural and Artificial Systems},
	publisher = {The University of Michigan Press},
	year = {1975},
	author = {J. H. Holland}
}
@BOOK{Corne1999,
	title = {New ideas in optimization},
	publisher = {McGraw-Hill Ltd.},
	year = {1999},
	editor = {Corne, David and Dorigo, Marco and Glover, Fred and Dasgupta, Dipankarand Moscato, Pablo and Poli, Riccardo and Price, Kenneth V.},
	address = {UK},
	isbn = {0-07-709506-5}
}
@INPROCEEDINGS{Ali2006,
	author = {Elamin, Elgasim Elnima Ali},
	title = {A Proposed Genetic Algorithm Selection Method},
	booktitle = {1st National Symposium (NITS)},
	year = {2006}
}
@ARTICLE{Braysy2010,
	author = {Yuichi Nagata and Olli Br{\"a}ysy and Wout Dullaert},
	title = {A penalty-based edge assembly memetic algorithm for the vehicle routingproblem with time windows},
	journal = {Computers {\&} OR},
	year = {2010},
	volume = {37},
	pages = {724--737},
	number = {4},
	bibsource = {DBLP, http://dblp.uni-trier.de},
	ee = {http://dx.doi.org/10.1016/j.cor.2009.06.022}
}
@ARTICLE{Nalepa2012,
	author = {Nalepa, Jakub and Czech, Zbigniew J.},
	title = {A parallel heuristic algorithm to solve the vehicle routing problemwith time windows},
	journal = {Studia {I}nformatica},
	year = {2012},
	volume = {33},
	pages = {91--106},
	number = {1},
	address = {Gliwice, Poland},
	numpages = {16}
}
@INPROCEEDINGS{Phung2003,
	author = {Son Lam Phung and D. Chai and A. Bouzerdoum},
	title = {Adaptive skin segmentation in color images},
	booktitle = {Proc. IEEE ICASSP},
	year = {2003},
	pages = {353--356}
}
@ARTICLE{ChangLin2011,
	author = {Chang, Chih-Chung and Lin, Chih-Jen},
	title = {{LIBSVM}: A library for support vector machines},
	journal = {ACM Trans. on Intell. Systems and Technology},
	year = {2011},
	volume = {2},
	pages = {27:1--27:27},
	issue = {3}
}
@TECHREPORT{Staelin2002,
	author = {Carl Staelin},
	title = {Parameter selection for support vector machines},
	institution = {HP Laboratories, Israel},
	year = {2002},
	number = {HPL-2002-354}
}
